<record><leader>00000cas a22000007a 4500</leader><controlfield tag="001">15127383</controlfield><controlfield tag="008">870129c19629999txuwr ne      0   a0eng d</controlfield><datafield ind1=" " ind2=" " tag="010"><subfield code="a">sn 86090625 </subfield></datafield><datafield ind1=" " ind2=" " tag="040"><subfield code="a">PPM</subfield><subfield code="b">eng</subfield><subfield code="c">PPM</subfield><subfield code="d">NSD</subfield><subfield code="d">OCLCQ</subfield></datafield><datafield ind1=" " ind2=" " tag="012"><subfield code="l">1</subfield><subfield code="m">1</subfield></datafield><datafield ind1="1" ind2=" " tag="022"><subfield code="a">0892-239X</subfield><subfield code="l">0892-239X</subfield><subfield code="2">1</subfield></datafield><datafield ind1=" " ind2=" " tag="032"><subfield code="a">577740</subfield><subfield code="b">USPS</subfield></datafield><datafield ind1=" " ind2=" " tag="037"><subfield code="b">The Hart Beat, P.O. Box 350, Hart, TX 79043</subfield></datafield><datafield ind1=" " ind2=" " tag="042"><subfield code="a">msc</subfield><subfield code="a">nsdp</subfield></datafield><datafield ind1=" " ind2="4" tag="222"><subfield code="a">The Hart beat</subfield></datafield><datafield ind1="0" ind2="4" tag="245"><subfield code="a">The Hart beat.</subfield></datafield><datafield ind1=" " ind2=" " tag="260"><subfield code="a">Hart, Tex. :</subfield><subfield code="b">Bill Turner,</subfield><subfield code="c">1962-</subfield></datafield><datafield ind1=" " ind2=" " tag="310"><subfield code="a">Weekly</subfield></datafield><datafield ind1="0" ind2=" " tag="362"><subfield code="a">Vol. 1, no. 1 (July 19, 1962)-</subfield></datafield><datafield ind1=" " ind2=" " tag="500"><subfield code="a">&lt;Vol. 23, no. 22 (Oct. 30, 1986)--&gt; published by Mrs. Mike Wall.</subfield></datafield><datafield ind1=" " ind2=" " tag="588"><subfield code="a">Latest issue consulted: Vol. 23, no. 22 (Oct. 30, 1986).</subfield></datafield><datafield ind1=" " ind2=" " tag="752"><subfield code="a">United States</subfield><subfield code="b">Texas</subfield><subfield code="c">Castro</subfield><subfield code="d">Hart.</subfield></datafield><datafield ind1="1" ind2=" " tag="029"><subfield code="a">AU@</subfield><subfield code="b">000025789657</subfield></datafield></record>